@article{seger1995,
  title={Formal verification by symbolic evaluation of partially-ordered trajectories},
  author={Seger, Carl-Johan H and Bryant, Randal E},
  journal={Formal Methods in System Design},
  volume={6},
  number={2},
  pages={147--189},
  year={1995},
  publisher={Springer}
}

@inproceedings{chou1999,
  title={The mathematical foundation of symbolic trajectory evaluation},
  author={Chou, Ching-Tsun},
  booktitle={International Conference on Computer Aided Verification},
  pages={196--207},
  year={1999},
  organization={Springer}
}

@article{cousot1996,
  title={Abstract interpretation},
  author={Cousot, Patrick},
  journal={ACM Computing Surveys (CSUR)},
  volume={28},
  number={2},
  pages={324--328},
  year={1996},
  publisher={ACM New York, NY, USA}
}

@book{davey2002,
  title={Introduction to lattices and order},
  author={Davey, Brian A and Priestley, Hilary A},
  year={2002},
  publisher={Cambridge university press}
}

@book{muchnick1997,
  title={Advanced compiler design implementation},
  author={Muchnick, Steven and others},
  year={1997},
  publisher={Morgan kaufmann}
}